@inproceedings{ben2020adversarial,
  title={The adversarial robustness of sampling},
  author={Ben-Eliezer, Omri and Yogev, Eylon},
  booktitle={Proceedings of the 39th ACM SIGMOD-SIGACT-SIGAI Symposium on Principles of Database Systems},
  pages={49--62},
  year={2020}
}

@article{christmann2004robustness,
  title={On robustness properties of convex risk minimization methods for pattern recognition},
  author={Christmann, Andreas and Steinwart, Ingo},
  journal={The Journal of Machine Learning Research},
  volume={5},
  pages={1007--1034},
  year={2004},
  publisher={JMLR. org}
}


@inproceedings{optuna,
  title={Optuna: A next-generation hyperparameter optimization framework},
  author={Akiba, Takuya and Sano, Shotaro and Yanase, Toshihiko and Ohta, Takeru and Koyama, Masanori},
  booktitle={Proceedings of the 25th ACM SIGKDD international conference on knowledge discovery \& data mining},
  pages={2623--2631},
  year={2019}
}
@inproceedings{ross2018improving,
  title={Improving the adversarial robustness and interpretability of deep neural networks by regularizing their input gradients},
  author={Ross, Andrew and Doshi-Velez, Finale},
  booktitle={Proceedings of the AAAI Conference on Artificial Intelligence},
  volume={32},
  year={2018}
}

@article{truthseeker,
author = "Sajjad Dadkhah and Xichen Zhang and Alexander Gerald Weismann and Amir Firouzi and Ali A. Ghorbani",
title = "{TruthSeeker: The Largest Social Media Ground-Truth Dataset for Real/Fake Content}",
year = "2023",
month = "5",
url = "https://www.techrxiv.org/articles/preprint/TruthSeeker_The_Largest_Social_Media_Ground-Truth_Dataset_for_Real_Fake_Content/22795130",
doi = "10.36227/techrxiv.22795130.v1"
}

@inproceedings{kdd-nsl,
  title={A detailed analysis of the KDD CUP 99 data set},
  author={Tavallaee, Mahbod and Bagheri, Ebrahim and Lu, Wei and Ghorbani, Ali A},
  booktitle={2009 IEEE symposium on computational intelligence for security and defense applications},
  pages={1--6},
  year={2009},
  organization={Ieee}
}


@misc{iso26262,
    author={International Standards Organization},
    title={{ISO} 26262-1:2011, Road vehicles --- Functional safety},
    howpublished={\href{https://www.iso.org/standard/43464.html}{https://www.iso.org/standard/43464.html} (visited 2022-04-20)},
    year={2018},
}

@inproceedings{jakubovitz2018improving,
  title={Improving dnn robustness to adversarial attacks using jacobian regularization},
  author={Jakubovitz, Daniel and Giryes, Raja},
  booktitle={Proceedings of the European Conference on Computer Vision (ECCV)},
  pages={514--529},
  year={2018}
}

@book{falco2006using,
  title={Using host-based anti-virus software on industrial control systems: Integration guidance and a test methodology for assessing performance impacts},
  author={Falco, Joseph A and Hurd, Steve and Teumim, Dave},
  year={2006},
  publisher={NIST}
}

@article{meyers2023safety,
  title={Safety-critical computer vision: an empirical survey of adversarial evasion attacks and defenses on computer vision systems},
  author={Meyers, Charles and L{\"o}fstedt, Tommy and Elmroth, Erik},
  journal={Artificial Intelligence Review},
  pages={1--35},
  year={2023},
  publisher={Springer}
}

@article{firenet,
  title={Can stable and accurate neural networks be computed},
  author={Colbrook, Matthew~J. and Antun, Vegard and Hansen, Anders~C.},
  journal={On the barriers of deep learning and Smale’s 18th problem. arXiv},
  volume={2101},
  year={2021}
}



@article{bienstock2018principled,
  title={Principled deep neural network training through linear programming},
  author={Bienstock, Daniel and Mu{\~n}oz, Gonzalo and Pokutta, Sebastian},
  journal={arXiv:1810.03218},
  year={2018}
}

@article{de2010optimized,
  title={Optimized fixed-size kernel models for large data sets},
  author={De Brabanter, Kris and De Brabanter, Jos and Suykens, Johan AK and De Moor, Bart},
  journal={Computational Statistics \& Data Analysis},
  volume={54},
  number={6},
  pages={1484--1504},
  year={2010},
  publisher={Elsevier}
}

@article{fan2008liblinear,
  title={LIBLINEAR: A library for large linear classification},
  author={Fan, Rong-En and Chang, Kai-Wei and Hsieh, Cho-Jui and Wang, Xiang-Rui and Lin, Chih-Jen},
  journal={the Journal of machine Learning research},
  volume={9},
  pages={1871--1874},
  year={2008},
  publisher={JMLR. org}
}


@article{scikit-learn,
 title={Scikit-learn: Machine Learning in {P}ython},
 author={Pedregosa, F. and Varoquaux, G. and Gramfort, A. and Michel, V.
         and Thirion, B. and Grisel, O. and Blondel, M. and Prettenhofer, P.
         and Weiss, R. and Dubourg, V. and Vanderplas, J. and Passos, A. and
         Cournapeau, D. and Brucher, M. and Perrot, M. and Duchesnay, E.},
 journal={Journal of Machine Learning Research},
 volume={12},
 pages={2825--2830},
 year={2011}
}

@Book{metric,
 author = {Searcóid, Mícheál},
 title = {Metric spaces},
 publisher = {Springer},
 year = {2006},
 address = {London},
 isbn = {978-1-84628-369-7}
 }

@inproceedings{demontis2019adversarial,
  title={Why do adversarial attacks transfer? explaining transferability of evasion and poisoning attacks},
  author={Demontis, Ambra and Melis, Marco and Pintor, Maura and Jagielski, Matthew and Biggio, Battista and Oprea, Alina and Nita-Rotaru, Cristina and Roli, Fabio},
  booktitle={28th $\{$USENIX$\}$ Security Symposium},
  pages={321--338},
  year={2019}
}

@incollection{tzotsos2008support,
  title={Support vector machine classification for object-based image analysis},
  author={Tzotsos, Angelos and Argialas, Demetre},
  booktitle={Object-Based Image Analysis},
  pages={663--677},
  year={2008},
  publisher={Springer}
}

@inproceedings{zhang2019theoretically,
  title={Theoretically principled trade-off between robustness and accuracy},
  author={Zhang, Hongyang and Yu, Yaodong and Jiao, Jiantao and Xing, Eric and El Ghaoui, Laurent and Jordan, Michael},
  booktitle={International Conference on Machine Learning},
  pages={7472--7482},
  year={2019},
  organization={PMLR}
}

@misc{Dua:2019 ,
author = "Dua, Dheeru and Graff, Casey",
year = "2017",
title = "{UCI} Machine Learning Repository",
url = "http://archive.ics.uci.edu/ml",
institution = "University of California, Irvine, School of Information and Computer Sciences" } 

@article{chang2011libsvm,
  title={LIBSVM: a library for support vector machines},
  author={Chang, Chih-Chung and Lin, Chih-Jen},
  journal={ACM transactions on intelligent systems and technology (TIST)},
  volume={2},
  number={3},
  pages={1--27},
  year={2011},
  publisher={Acm New York, NY, USA}
}


@article{carlini2019evaluating,
  title={On evaluating adversarial robustness},
  author={Carlini, Nicholas and Athalye, Anish and Papernot, Nicolas and Brendel, Wieland and Rauber, Jonas and Tsipras, Dimitris and Goodfellow, Ian and Madry, Aleksander and Kurakin, Alexey},
  journal={arXiv:1902.06705},
  year={2019}
}

@InProceedings{ matthew_rocklin-proc-scipy-2015,
  author    = { Matthew Rocklin },
  title     = { Dask: Parallel Computation with Blocked algorithms and Task Scheduling },
  booktitle = { Proceedings of the 14th Python in Science Conference },
  pages     = { 130 - 136 },
  year      = { 2015 },
  editor    = { Kathryn Huff and James Bergstra }
}


@inproceedings{mehmood2015svm,
  title={SVM for network anomaly detection using ACO feature subset},
  author={Mehmood, Tahir and Rais, Helmi B Md},
  booktitle={2015 International symposium on mathematical sciences and computing research (iSMSC)},
  pages={121--126},
  year={2015},
  organization={IEEE}
}

@inproceedings{kim2003network,
  title={Network-based intrusion detection with support vector machines},
  author={Kim, Dong Seong and Park, Jong Sou},
  booktitle={International Conference on Information Networking},
  pages={747--756},
  year={2003},
  organization={Springer}
}

@article{bect2017bayesian,
  title={Bayesian subset simulation},
  author={Bect, Julien and Li, Ling and Vazquez, Emmanuel},
  journal={SIAM/ASA Journal on Uncertainty Quantification},
  volume={5},
  number={1},
  pages={762--786},
  year={2017},
  publisher={SIAM}
}


@inproceedings{carlini2017towards,
  title={Towards evaluating the robustness of neural networks},
  author={Carlini, Nicholas and Wagner, David},
  booktitle={IEEE symposium on security and privacy (sp)},
  pages={39--57},
  year={2017},
  organization={IEEE}
}

@article{li2016general,
  title={A general retraining framework for scalable adversarial classification},
  author={Li, Bo and Vorobeychik, Yevgeniy and Chen, Xinyun},
  journal={Workshop on Adversarial Training, Neural Information Processing Systems},
  year={2016}
}

@inproceedings{biggio2013evasion,
  title={Evasion attacks against machine learning at test time},
  author={Biggio, Battista and Corona, Igino and Maiorca, Davide and Nelson, Blaine and {\v{S}}rndi{\'c}, Nedim and Laskov, Pavel and Giacinto, Giorgio and Roli, Fabio},
  booktitle={Joint European conference on machine learning and knowledge discovery in databases},
  pages={387--402},
  year={2013},
  organization={Springer}
}

@inproceedings{simon2019first,
  title={First-order adversarial vulnerability of neural networks and input dimension},
  author={Simon-Gabriel, Carl-Johann and Ollivier, Yann and Bottou, Leon and Sch{\"o}lkopf, Bernhard and Lopez-Paz, David},
  booktitle={International Conference on Machine Learning},
  pages={5809--5817},
  year={2019},
  organization={PMLR}
}

@article{madry2017towards,
  title={Towards deep learning models resistant to adversarial attacks},
  author={Madry, Aleksander and Makelov, Aleksandar and Schmidt, Ludwig and Tsipras, Dimitris and Vladu, Adrian},
  journal={International Conference on Machine Learning},
  year={2017}
}

@inproceedings{fredrikson2015model,
  title={Model inversion attacks that exploit confidence information and basic countermeasures},
  author={Fredrikson, Matt and Jha, Somesh and Ristenpart, Thomas},
  booktitle={Proceedings of the 22nd ACM SIGSAC Conference on Computer and Communications Security},
  pages={1322--1333},
  year={2015}
}



@inproceedings{dohmatob2019generalized,
  title={Generalized no free lunch theorem for adversarial robustness},
  author={Dohmatob, Elvis},
  booktitle={International Conference on Machine Learning},
  pages={1646--1654},
  year={2019},
  organization={PMLR}
}

@article{szegedy2013intriguing,
  title={Intriguing properties of neural networks},
  author={Szegedy, Christian and Zaremba, Wojciech and Sutskever, Ilya and Bruna, Joan and Erhan, Dumitru and Goodfellow, Ian and Fergus, Rob},
  journal={International Conference on Learning Representations},
  year={2013}
}

@article{stutz2019confidence,
  title={Confidence-Calibrated Adversarial Training: Towards Robust Models Generalizing Beyond the Attack Used During Training},
  author={Stutz, David and Hein, Matthias and Schiele, Bernt},
  journal={International Conference on Machine Learning},
  year={2019}
}

@article{tsipras2018robustness,
  title={Robustness may be at odds with accuracy},
  author={Tsipras, Dimitris and Santurkar, Shibani and Engstrom, Logan and Turner, Alexander and Madry, Aleksander},
  journal={Int'l Conference on Learning Representations},
  year={2018}
}


@article{athalye2018obfuscated,
  title={Obfuscated gradients give a false sense of security: Circumventing defenses to adversarial examples},
  author={Athalye, Anish and Carlini, Nicholas and Wagner, David},
  journal={Int. Conference on Machine Learning},
  year={2018}
}

@article{uesato2018adversarial,
  title={Adversarial risk and the dangers of evaluating against weak attacks},
  author={Uesato, Jonathan and O'Donoghue, Brendan and Oord, Aaron van den and Kohli, Pushmeet},
  journal={Proceedings of Machine Learning Research},
  year={2018}
}

@article{cortes1995support,
  title={Support-vector networks},
  author={Cortes, Corinna and Vapnik, Vladimir},
  journal={Machine learning},
  volume={20},
  number={3},
  pages={273--297},
  year={1995},
  publisher={Springer}
}

@article{trafalis2007robust,
  title={Robust support vector machines for classification and computational issues},
  author={Trafalis, Theodore B and Gilbert, Robin C},
  journal={Optimisation Methods and Software},
  volume={22},
  number={1},
  pages={187--198},
  year={2007},
  publisher={Taylor \& Francis}
}

@article{bordes2005fast,
  title={Fast kernel classifiers with online and active learning},
  author={Bordes, Antoine and Ertekin, Seyda and Weston, Jason and Bottou, L{\'e}on},
  journal={Journal of Machine Learning Research},
  volume={6},
  number={Sep},
  pages={1579--1619},
  year={2005}
}

@article{bottou2007support,
  title={Support vector machine solvers},
  author={Bottou, L{\'e}on and Lin, Chih-Jen},
  journal={Large scale kernel machines},
  volume={3},
  number={1},
  pages={301--320},
  year={2007},
  publisher={MIT press Cambridge, MA}
}

@article{croce2020reliable,
  title={Reliable evaluation of adversarial robustness with an ensemble of diverse parameter-free attacks},
  author={Croce, Francesco and Hein, Matthias},
  journal={International Conference on Machine Learning},
  year={2020}
}

@article{biggio2012poisoning,
  title={Poisoning attacks against support vector machines},
  author={Biggio, Battista and Nelson, Blaine and Laskov, Pavel},
  journal={International Conference on Machine Learning},
  year={2012}
}

@article{grosse2018limitations,
  title={The limitations of model uncertainty in adversarial settings},
  author={Grosse, Kathrin and Pfaff, David and Smith, Michael Thomas and Backes, Michael},
  journal={arXiv:1812.02606},
  year={2018}
}

@article{kotyan2019adversarial,
  title={Adversarial Robustness Assessment: Why both $L_0 $ and $L_\infty$ Attacks Are Necessary},
  author={Kotyan, Shashank and Vargas, Danilo Vasconcellos},
  journal={arXiv:1906.06026},
  year={2019}
}

@inproceedings{chen2017zoo,
  title={Zoo: Zeroth order optimization based black-box attacks to deep neural networks without training substitute models},
  author={Chen, Pin-Yu and Zhang, Huan and Sharma, Yash and Yi, Jinfeng and Hsieh, Cho-Jui},
  booktitle={Proceedings of the 10th ACM workshop on artificial intelligence and security},
  pages={15--26},
  year={2017}
}

@article{brown2017adversarial,
  title={Adversarial patch},
  author={Brown, Tom B and Man{\'e}, Dandelion and Roy, Aurko and Abadi, Mart{\'\i}n and Gilmer, Justin},
  journal={arXiv:1712.09665},
  year={2017}
}

@article{liu2018dpatch,
  title={Dpatch: An adversarial patch attack on object detectors},
  author={Liu, Xin and Yang, Huanrui and Liu, Ziwei and Song, Linghao and Li, Hai and Chen, Yiran},
  journal={arXiv:1806.02299},
  year={2018}
}

@inproceedings{qin2019imperceptible,
  title={Imperceptible, robust, and targeted adversarial examples for automatic speech recognition},
  author={Qin, Yao and Carlini, Nicholas and Cottrell, Garrison and Goodfellow, Ian and Raffel, Colin},
  booktitle={International conference on machine learning},
  pages={5231--5240},
  year={2019},
  organization={PMLR}
}

@article{brendel2017decision,
  title={Decision-based adversarial attacks: Reliable attacks against black-box machine learning models},
  author={Brendel, Wieland and Rauber, Jonas and Bethge, Matthias},
  journal={arXiv:1712.04248},
  year={2017}
}

@article{ozaki2022multiobjective,
  title={Multiobjective tree-structured Parzen estimator},
  author={Ozaki, Yoshihiko and Tanigaki, Yuki and Watanabe, Shuhei and Nomura, Masahiro and Onishi, Masaki},
  journal={Journal of Artificial Intelligence Research},
  volume={73},
  pages={1209--1250},
  year={2022}
}

@inproceedings{chen2020hopskipjumpattack,
  title={Hopskipjumpattack: A query-efficient decision-based attack},
  author={Chen, Jianbo and Jordan, Michael I and Wainwright, Martin J},
  booktitle={2020 ieee symposium on security and privacy (sp)},
  pages={1277--1294},
  year={2020},
  organization={IEEE}
}

@article{li2017hyperband,
  title={Hyperband: A novel bandit-based approach to hyperparameter optimization},
  author={Li, Lisha and Jamieson, Kevin and DeSalvo, Giulia and Rostamizadeh, Afshin and Talwalkar, Ameet},
  journal={The Journal of Machine Learning Research},
  volume={18},
  number={1},
  pages={6765--6816},
  year={2017},
  publisher={JMLR. org}
}

@article{su2019one,
  title={One pixel attack for fooling deep neural networks},
  author={Su, Jiawei and Vargas, Danilo Vasconcellos and Sakurai, Kouichi},
  journal={IEEE Transactions on Evolutionary Computation},
  volume={23},
  number={5},
  pages={828--841},
  year={2019},
  publisher={IEEE}
}

@article{hansen2016cma,
  title={The CMA evolution strategy: A tutorial},
  author={Hansen, Nikolaus},
  journal={arXiv:1604.00772},
  year={2016}
}

@article{raghunathan2020understanding,
  title={Understanding and mitigating the tradeoff between robustness and accuracy},
  author={Raghunathan, Aditi and Xie, Sang Michael and Yang, Fanny and Duchi, John and Liang, Percy},
  journal={International Conference on Machine Learning},
  year={2020}
}


@article{xu2009robustness,
  title={Robustness and Regularization of Support Vector Machines.},
  author={Xu, Huan and Caramanis, Constantine and Mannor, Shie},
  journal={Journal of machine learning research},
  volume={10},
  number={7},
  year={2009}
}

@article{desislavov2021compute,
  title={Compute and energy consumption trends in deep learning inference},
  author={Desislavov, Radosvet and Mart{\'\i}nez-Plumed, Fernando and Hern{\'a}ndez-Orallo, Jos{\'e}},
  journal={arXiv:2109.05472},
  year={2021}
}

@article{bertsimas2019robust,
  title={Robust classification},
  author={Bertsimas, Dimitris and Dunn, Jack and Pawlowski, Colin and Zhuo, Ying Daisy},
  journal={INFORMS Journal on Optimization},
  volume={1},
  number={1},
  pages={2--34},
  year={2019},
  publisher={INFORMS}
}


@article{wang2014iteration,
  title={Iteration complexity of feasible descent methods for convex optimization},
  author={Wang, Po-Wei and Lin, Chih-Jen},
  journal={The Journal of Machine Learning Research},
  volume={15},
  number={1},
  pages={1523--1548},
  year={2014},
  publisher={JMLR. org}
}

@article{Meidan_2018,
   title={{N-BaIoT}—Network-Based Detection of {IoT} Botnet Attacks Using Deep Autoencoders},
   volume={17},
   number={3},
   journal={IEEE Pervasive Computing},
   publisher={Institute of Electrical and Electronics Engineers (IEEE)},
   author={Meidan, Yair and Bohadana, Michael and Mathov, Yael and Mirsky, Yisroel and Shabtai, Asaf and Breitenbacher, Dominik and Elovici, Yuval},
   year={2018},
   month={Jul},
   pages={12–22}
}

@article{liu_2020,
   title={{MadDroid}: Characterizing and Detecting Devious Ad Contents for Android Apps},
   journal={Proceedings of The Web Conference 2020},
   publisher={ACM},
   author={Liu, Tianming and Wang, Haoyu and Li, Li and Luo, Xiapu and Dong, Feng and Guo, Yao and Wang, Liu and Bissyandé, Tegawendé and Klein, Jacques},
   year={2020},
   month={Apr}
}

@inproceedings{shokri2017membership,
  title={Membership inference attacks against machine learning models},
  author={Shokri, Reza and Stronati, Marco and Song, Congzheng and Shmatikov, Vitaly},
  booktitle={2017 IEEE Symposium on Security and Privacy (SP)},
  pages={3--18},
  year={2017},
  organization={IEEE}
}

@inproceedings{tramer2016stealing,
  title={Stealing machine learning models via prediction apis},
  author={Tram{\`e}r, Florian and Zhang, Fan and Juels, Ari and Reiter, Michael K and Ristenpart, Thomas},
  booktitle={25th $\{$USENIX$\}$ Security Symposium Security 16)},
  pages={601--618},
  year={2016}
}

@article{ateniese2015hacking,
  title={Hacking smart machines with smarter ones: How to extract meaningful data from machine learning classifiers},
  author={Ateniese, Giuseppe and Mancini, Luigi V and Spognardi, Angelo and Villani, Antonio and Vitali, Domenico and Felici, Giovanni},
  journal={International Journal of Security and Networks},
  volume={10},
  number={3},
  pages={137--150},
  year={2015},
  publisher={Inderscience Publishers (IEL)}
}

@article{wang2019security,
  title={The security of machine learning in an adversarial setting: A survey},
  author={Wang, Xianmin and Li, Jing and Kuang, Xiaohui and Tan, Yu-an and Li, Jin},
  journal={Journal of Parallel and Distributed Computing},
  volume={130},
  pages={12--23},
  year={2019},
  publisher={Elsevier}
}

@article{miller2020adversarial,
  title={Adversarial learning targeting deep neural network classification: A comprehensive review of defenses against attacks},
  author={Miller, David J and Xiang, Zhen and Kesidis, George},
  journal={Proceedings of the IEEE},
  volume={108},
  number={3},
  pages={402--433},
  year={2020},
  publisher={IEEE}
}

@article{chakraborty2018adversarial,
  title={Adversarial attacks and defences: A survey},
  author={Chakraborty, Anirban and Alam, Manaar and Dey, Vishal and Chattopadhyay, Anupam and Mukhopadhyay, Debdeep},
  journal={arXiv:1810.00069},
  year={2018}
}

@article{jagielski2018manipulate,
  title={Manipulating machine learning: Poisoning attacks and countermeasures for regression learning},
  author={Jagielski, Matthew, Alina Oprea, Battista Biggio, Chang Liu, Cristina Nita-Rotaru, and Bo Li},
  journal={IEEE Symposium on Security and Privacy (SP)},
  year={2018}
}


@inproceedings{deka2019adversarial,
  title={Adversarial Impact on Anomaly Detection in Cloud Datacenters},
  author={Deka, Pratyush Kr and Bhuyan, Monowar H and Kadobayashi, Youki and Elmroth, Erik},
  booktitle={2019 IEEE 24th Pacific Rim International Symposium on Dependable Computing (PRDC)},
  pages={188--18809},
  year={2019},
  organization={IEEE}
}

@article{min2020curious,
  title={The curious case of adversarially robust models: More data can help, double descend, or hurt generalization},
  author={Min, Yifei and Chen, Lin and Karbasi, Amin},
  journal={arXiv:2002.11080},
  year={2020}
}